<collection xmlns="http://www.loc.gov/MARC21/slim">
   <record>
      <leader>03117cam a2200409 i 4500</leader>
      <controlfield tag="001">6760053</controlfield>
      <controlfield tag="003">OCoLC</controlfield>
      <controlfield tag="005">20141205103226.0</controlfield>
      <controlfield tag="008">140807s2015    cau      b    000 0 eng d</controlfield>
      <datafield ind1=" " ind2=" " tag="020">
         <subfield code="a">1483371913</subfield>
      </datafield>
      <datafield ind1=" " ind2=" " tag="020">
         <subfield code="a">9781483371917</subfield>
      </datafield>
      <datafield ind1=" " ind2=" " tag="035">
         <subfield code="a">ocn885472435</subfield>
      </datafield>
      <datafield ind1=" " ind2=" " tag="040">
         <subfield code="a">YDXCP</subfield>
         <subfield code="b">eng</subfield>
         <subfield code="c">YDXCP</subfield>
         <subfield code="d">BTCTA</subfield>
         <subfield code="d">BDX</subfield>
         <subfield code="d">CDX</subfield>
         <subfield code="d">AZU</subfield>
         <subfield code="e">rda</subfield>
         <subfield code="d">UAB</subfield>
      </datafield>
      <datafield ind1=" " ind2="4" tag="050">
         <subfield code="a">LB2805</subfield>
         <subfield code="b">.S55 2015</subfield>
      </datafield>
      <datafield ind1="0" ind2="4" tag="082">
         <subfield code="a">371.207</subfield>
         <subfield code="2">23</subfield>
      </datafield>
      <datafield ind1=" " ind2=" " tag="090">
         <subfield code="a">LB 2805 S55 2015</subfield>
         <subfield code="b">AEU</subfield>
      </datafield>
      <datafield ind1="1" ind2=" " tag="100">
         <subfield code="a">Sinanis, Tony,</subfield>
         <subfield code="e">author.</subfield>
         <subfield code="0">http://id.loc.gov/authorities/names/no2015001715</subfield>
         <subfield code="0">http://viaf.org/viaf/313298336</subfield>
      </datafield>
      <datafield ind1="1" ind2="4" tag="245">
         <subfield code="a">The power of branding :</subfield>
         <subfield code="b">telling your school's story /</subfield>
         <subfield code="c">Tony Sinanis, Joseph Sanfelippo.</subfield>
      </datafield>
      <datafield ind1=" " ind2="1" tag="264">
         <subfield code="a">Thousand Oaks, California :</subfield>
         <subfield code="b">Corwin, a Sage company,</subfield>
         <subfield code="c">[2015]</subfield>
      </datafield>
      <datafield ind1=" " ind2=" " tag="300">
         <subfield code="a">x, 57 pages ;</subfield>
         <subfield code="c">22 cm.</subfield>
      </datafield>
      <datafield ind1=" " ind2=" " tag="336">
         <subfield code="a">text</subfield>
         <subfield code="2">rdacontent</subfield>
         <subfield code="0">http://id.loc.gov/vocabulary/contentTypes/txt</subfield>
      </datafield>
      <datafield ind1=" " ind2=" " tag="337">
         <subfield code="a">unmediated</subfield>
         <subfield code="2">rdamedia</subfield>
         <subfield code="0">http://id.loc.gov/vocabulary/mediaTypes/n</subfield>
      </datafield>
      <datafield ind1=" " ind2=" " tag="338">
         <subfield code="a">volume</subfield>
         <subfield code="2">rdacarrier</subfield>
         <subfield code="0">http://id.loc.gov/vocabulary/carriers/nc</subfield>
      </datafield>
      <datafield ind1="1" ind2=" " tag="490">
         <subfield code="a">Corwin connected educators series</subfield>
      </datafield>
      <datafield ind1=" " ind2=" " tag="504">
         <subfield code="a">Includes bibliographical references (page 57).</subfield>
      </datafield>
      <datafield ind1="0" ind2="0" tag="505">
         <subfield code="t">Preface /</subfield>
         <subfield code="r">Peter M. Dewitt --</subfield>
         <subfield code="t">About the Authors --</subfield>
         <subfield code="t">Introduction --</subfield>
         <subfield code="g">1.</subfield>
         <subfield code="t">The importance of Telling Your Story --</subfield>
         <subfield code="g">2.</subfield>
         <subfield code="t">Your Heart = Your Story --</subfield>
         <subfield code="g">3.</subfield>
         <subfield code="t">Building Your Brand and Preparing to Tell Your Story --</subfield>
         <subfield code="g">4.</subfield>
         <subfield code="t">Using Social Media to Tell Your Story --</subfield>
         <subfield code="g">5.</subfield>
         <subfield code="t">Giving Voice to All Stakeholders in the Storytelling Experience --</subfield>
         <subfield code="g">6.</subfield>
         <subfield code="t">Does the Brand Promise Match the Brand Experience? --</subfield>
         <subfield code="g">7.</subfield>
         <subfield code="t">It's a Wrap --</subfield>
         <subfield code="t">References.</subfield>
      </datafield>
      <datafield ind1=" " ind2=" " tag="520">
         <subfield code="a">Turn a spotlight on what's great about your school! The Corwin Connected Educators series is your key to unlocking the greatest resource available to all educators: other educators. Using social media and web tools, you'll learn and collaborate with one another in new ways. These brief books feature strategies to use immediately, and the series website lets you connect with authors and access additional resources. This book uses concrete suggestions and examples to help you, Tell your school story, Share great events using blogs and more, Empower all stakeholders, including students, Teach digital citizenship, K-12, Being a Connected Educator is more than a set of actions: it's a belief in the potential of technology to fuel lifelong learning.</subfield>
      </datafield>
      <datafield ind1=" " ind2=" " tag="596">
         <subfield code="a">41</subfield>
      </datafield>
      <datafield ind1=" " ind2="0" tag="650">
         <subfield code="a">Educational technology.</subfield>
         <subfield code="0">http://id.loc.gov/authorities/subjects/sh85041150</subfield>
      </datafield>
      <datafield ind1=" " ind2="0" tag="650">
         <subfield code="a">School management and organization.</subfield>
         <subfield code="0">http://id.loc.gov/authorities/subjects/sh85118362</subfield>
      </datafield>
      <datafield ind1=" " ind2="0" tag="650">
         <subfield code="a">Social media.</subfield>
         <subfield code="0">http://id.loc.gov/authorities/subjects/sh2006007023</subfield>
      </datafield>
      <datafield ind1="1" ind2=" " tag="700">
         <subfield code="a">Sanfelippo, Joseph,</subfield>
         <subfield code="e">author.</subfield>
         <subfield code="0">http://id.loc.gov/authorities/names/no2015001516</subfield>
         <subfield code="0">http://viaf.org/viaf/313298162</subfield>
      </datafield>
      <datafield ind1=" " ind2=" " tag="758">
         <subfield code="0">http://worldcat.org/entity/work/id/367672537</subfield>
      </datafield>
      <datafield ind1="0" ind2=" " tag="787">
         <subfield code="n">OCLC Work Id</subfield>
         <subfield code="o">http://worldcat.org/entity/work/id/367672537</subfield>
      </datafield>
      <datafield ind1=" " ind2="0" tag="830">
         <subfield code="a">Corwin connected educators series.</subfield>
         <subfield code="0">http://id.loc.gov/authorities/names/no2014131250</subfield>
      </datafield>
      <datafield ind1=" " ind2=" " tag="949">
         <subfield code="a">LB 2805 S55 2015</subfield>
         <subfield code="c">1</subfield>
         <subfield code="h">UAED-B</subfield>
         <subfield code="i">0162035202819</subfield>
      </datafield>
      <datafield ind1=" " ind2=" " tag="926">
         <subfield code="a">LB 2805 S55 2015</subfield>
         <subfield code="w">LC</subfield>
         <subfield code="c">1</subfield>
         <subfield code="i">0162035202819</subfield>
         <subfield code="l">FLOOR_2</subfield>
         <subfield code="m">UAEDUC</subfield>
         <subfield code="p">$150.00</subfield>
         <subfield code="r">Y</subfield>
         <subfield code="s">Y</subfield>
         <subfield code="t">BOOK</subfield>
         <subfield code="u">12/18/2014</subfield>
      </datafield>
   </record>
</collection>
